@book{ml,
  author    = { Russell and Stuart and Norvig and Peter},
  title     = {{Artificial Intelligence: A Modern Approach (2nd ed.)}},
  year      = {2003},
  isbn      = {978-0-13-790395-5},
  publisher = {Prentice Hall},

}

@misc{ann,
  author    = {Pratik Shukla and Roberto Iriondo},
  title     = {{Neural Networks from Scratch with Python Code and Math in Detail— I}},
  year      = {Accessed: September, 2021},
  note      = "[\url{https://bit.ly/3CTHArw}]"
}

@misc{learning,
  author    = {Roberto Iriondo},
  title     = {{What is Machine Learning?}},
  year      = {Accessed: September, 2021},
  note      = "[\url{ https://pub.towardsai.net/what-is-machine-learning\-ml-b58162f97ec7}]",

}

@misc{class,
  author    = {{Dr. Michael Garbade}},
  title     = {{Regression versus classification}},
  year      = {Accessed: September, 2021},
  note      = "[\url{https://bit.ly/2Yd0oDt}]",

}
@misc{img_learning,
  author    = {{GitHubCommunity}},
  title     = {{Apprendimento supervisionato}},
  year      = {Accessed: September, 2021},
  note      = "[\url{ https://tvml.github.io/ml1819/store/book.pdf}]",

}


@misc{prob,
  author    = {{Gianluca Amato}},
  title     = {{Classificazione e predizione}},
  year      = {Accessed: September, 2021},
  note      = "[\url{https://www.sci.unich.it/~amato/teaching/old/datamining08/\
  lucidi/05-classificazione.pdf}]",

}

@misc{neuron,
  author    = {{Matthew Roos}},
  title     = {{Deep Learning Neurons versus Biological Neurons}},
  year      = {Accessed: September, 2021},
  note      = "[\url{https://bit.ly/3kQ3iqd}]",

}

@book{reti,
  author    = {Bernard Mehlig},
  title     = {{Machine learning with neural networks}},
  year      = {Feb 2021},
  isbn      = {978-0-13-790395-5},
  publisher = {University of Gothenburg},

}

@misc{dl,
  author    = {{Osservatori Digital Innovation}},
  title     = {{Alla scoperta del Deep Learning: significato, esempi e applicazioni}},
  year      = {Accessed: September, 2021},
  note      = "[\url{blog.osservatori.net}]",

}

@book{dim,
  author    = {Bellman and Richard Ernest},
  title     = {{Dynamic programming. Princeton University Press}},
  year      = {1957},
  isbn      = {Rand Corporation},
  publisher = {University of Gothenburg},

}

@misc{tesi,
  author    = {{Luca Marzano}},
  title     = {{Algoritmi di deep learning per l'analisi di dati scientifici}},
  year      = {Accessed: September, 2021},
  note      = "[\url{https://cdlfbari.cloud.ba.infn.it/wp-content/uploads/file-manager/CIF/Triennale/Tesi%20di%20laurea/16-17-MARZANO%20Luca.pdf}]",

}

@book{trade,
  author    = {Kohavi and Ron and Wolpert and David H.},
  title     = {{Bias Plus Variance Decomposition for Zero-One Loss Functions}},
  year      = {1996},
}
note      = "[\url{https://cdlfbari.cloud.ba.infn.it/wp-content/uploads/file-manager/CIF/Triennale/Tesi%20di%20laurea/16-17-MARZANO%20Luca.pdf}]",


@misc{ofuf,
  title     = {{Fitting del modello: Fitting e overfitting}},
  year      = {Accessed: September, 2021},
  note      = "[\url{https://docs.aws.amazon.com/it_it/machine-learning/latest/dg/model-fit-underfitting-vs-overfitting.html}]",

}

@book{classdef,
  author    = {T. Mitchell},
  title     = {{Machine Learning}},
  year      = {1997},
  isbn      = {0-07-042807-7},
  publisher = {McGraw Hill},
}

@misc{cnn,
  author    = {Anne Bonner},
  title     = {{The Complete Beginner’s Guide to Deep Learning: Convolutional Neural Networks and Image Classification}},
  year      = {Accessed: September, 2021},
  note      = "[\url{https://towardsdatascience.com/wtf-is-image-classification-8e78a8235acb}]",

}

@misc{dnn,
  author    = {Yassin Mahdid},
  title     = {{GitHub: machine learning}},
  year      = {Accessed: September, 2021},
  note      = "[\url{https://bit.ly/3kWKdTw}]",

}

@misc{sparse,
  author    = {Sourya Dey and Kuan-Wen Huang and Peter A. Beerel and Keith M. Chugg},
  title     = {{Characterizing Sparse Connectivity
Patterns in Neural Networks
}},
  year      = {Accessed: September, 2021},
  note      = "[\url{https://arxiv.org/pdf/1711.02131.pdf}]",

}

@misc{feature,
  author    = {Giuseppe Cannata},
  title     = {{Come le reti neurali vedono le cose
}},
  year      = {Accessed: September, 2021},
  note      = "[\url{https://it.quora.com/Come-le-reti-neurali-profonde-vedono-le-cose}]",

}

@misc{keras,
  title    = {Offical Keras documentation},
  
  year      = {Accessed: September, 2021},
  note      = "[\url{https://keras.io/}]",

}
@misc{tf,
  title    = {TensorFlow documentation},
  year      = {Accessed: September, 2021},
  note      = "[\url{https://www.tensorflow.org/}]",

}
@misc{jn,
  title    = {Jupyter documentation},
  year      = {Accessed: September, 2021},
  note      = "[\url{https://jupyter.org/}]",

}

@misc{max-pool,
  author    = {Haibing Wu and Xiaodong Gu},
  title     = {{Max-Pooling Dropout for Regularization of 
Convolutional Neural Networks 

}},
  year      = {Accessed: September, 2021},
  note      = "[\url{https://arxiv.org/ftp/arxiv/papers/1512/1512.01400.pdf}]",

}


@misc{cnn2,
  author    = {Eihjaz Allibhai},
  title     = {{Building a Convolutional Neural Network (CNN) in Keras
}},
  year      = {Accessed: September, 2021},
  note      = "[\url{https://towardsdatascience.com/building-a-convolutional-neural-network-cnn-in-keras-329fbbadc5f5

}]",

}


@misc{lib,
  author    = {Claire D. Costa},
  title     = {{Best Python Libraries for Every Python Developer
}},
  year      = {Accessed: September, 2021},
  note      = "[\url{https://towardsdatascience.com/best-python-libraries-for-every-python-developer-77daab4fa40e}]",

}




@misc{dsbrain,
  author    = {Sartaj Bouvaij},
  title     = {{Brain Tumor Classification (MRI)}},
  year      = {Accessed: September, 2021},
  note      = "[\url{https://www.kaggle.com/sartajbhuvaji/brain-tumor-classification-mri}]",

}

@misc{dspneum,
  author    = {Paulo Breviglieri},
  title     = {{Pneumonia X-Ray images
}},
  year      = {Accessed: September, 2021},
  note      = "[\url{https://www.kaggle.com/pcbreviglieri/pneumonia-xray-images}]",

}

@misc{alexnet,
  author    = { Alex Krizhevsky and Ilya Sutskever and Geoffrey E. Hinton},
  title     = {{ImageNet Classification with Deep 
Convolutional Neural Networks
}},
  year      = {Accessed: September, 2021},
  note      = "[\url{https://dl.acm.org/doi/pdf/10.1145/3065386}]",

}

@misc{effnet,
  author    = {Mingxing Tan and Quoc V. Le},
  title     = {{EfficientNet: Rethinking Model Scaling for Convolutional Neural Networks
}},
  year      = {Accessed: September, 2021},
  note      = "[\url{https://arxiv.org/pdf/1905.11946v1.pdf}]",

}

@misc{mobilenet,
  author    = {Paul-Louis Prove},
  title     = {{MobileNetV2: Inverted Residuals and Linear Bottlenecks
}},
  year      = {Accessed: September, 2021},
  note      = "[\url{https://towardsdatascience.com/mobilenetv2-inverted-residuals-and-linear-bottlenecks-8a4362f4ffd5}]",

}

@misc{gaussnoise,
  author    = {Guozhong An},
  title     = {{The Effects of Adding Noise During Backpropagation Training on a Generalization Performance
}},
  year      = {Accessed: September, 2021},
  note      = "[\url{https://ieeexplore.ieee.org/document/6796981}]",

}

@misc{dropout,
  author    = {Aydin Aianzadeh},
  title     = {{Stanford CS231n- Dropout Assignment}},
  year      = {Accessed: September, 2021},
  note      = "[\url{https://medium.com/deepvision/cs231n-dropout-assignment-c80f3170854b}]",

}


@misc{norm,

  author    = {Ioffe and Sergey and Szegedy and Christian},
  title     = {{"Batch Normalization: Accelerating Deep Network Training by Reducing Internal Covariate Shift"}},
  year      = {Accessed: September, 2021},
  note      = "[\url{https://arxiv.org/abs/1502.03167}]",

}

@misc{Roc,
  author    = {Fawcett and Tom},
  title     = {{ROC Graphs: Notes and Practical Considerations for Researchers}},
  year      = {2004},
   note      = "[\url{https://www.researchgate.net/publication/284043217_ROC_Graphs_Notes_and_Practical_Considerations_for_Researchers}]",

}

@misc{grad,
  author    = {Chi Feng Wang},
  title     = {{The Vanishing Gradient Problem}},
  year      = {Accessed: September, 2021},
   note      = "[\url{https://towardsdatascience.com/the-vanishing-gradient-problem-69bf08b15484}]",

}

@misc{augbrain,
  author    = {Jakub Nalepa},
  title     = {{Data Augmentation for Brain-Tumor Segmentation: A Review}},
  year      = {Accessed: September, 2021},
   note      = "[\url{https://www.frontiersin.org/articles/10.3389/fncom.2019.00083/full}]",

}

@misc{augpneum,
  author    = {Mohamed Elgendi},
  title     = {{The Effectiveness of Image Augmentation in Deep Learning Networks for Detecting COVID-19: A Geometric Transformation Perspective}},
  year      = {Accessed: September, 2021},
   note      = "[\url{https://www.frontiersin.org/articles/10.3389/fmed.2021.629134/full}]",

}




